@article{spt_coho_org,
  title = {Symmetry protected topological orders and the group cohomology of their symmetry group},
  author = {Chen, Xie and Gu, Zheng-Cheng and Liu, Zheng-Xin and Wen, Xiao-Gang},
  journal = {Phys. Rev. B},
  volume = {87},
  issue = {15},
  pages = {155114},
  numpages = {48},
  year = {2013},
  month = {Apr},
  publisher = {American Physical Society},
  doi = {10.1103/PhysRevB.87.155114},
  url = {https://link.aps.org/doi/10.1103/PhysRevB.87.155114}
}
