@article{cui2018topological,
  title={Topological Quantum Computation},
  author={Cui, Shawn X},
  year={2018},
  url = {https://www.math.purdue.edu/~cui177/Lecture_Combined.pdf}
}

@article{Kitaev_2003,
	doi = {10.1016/s0003-4916(02)00018-0},
	url = {https://doi.org/10.1016%2Fs0003-4916%2802%2900018-0},
	year = 2003,
	month = {jan},
	publisher = {Elsevier {BV}},
	volume = {303},
	number = {1},
	pages = {2--30},
	author = {A.Yu. Kitaev},
	title = {Fault-tolerant quantum computation by anyons},
	journal = {Annals of Physics}
}

@article{Levin_2005,
	doi = {10.1103/physrevb.71.045110},
	url = {https://doi.org/10.1103%2Fphysrevb.71.045110},
	year = 2005,
	month = {jan},
	publisher = {American Physical Society ({APS})},
	volume = {71},
	number = {4},
	author = {Michael A. Levin and Xiao-Gang Wen},
	title = {String-net condensation:{\hspace{1em}}A physical mechanism for topological phases}, 
	journal = {Physical Review B}
}